@report {
	Paper,
	title = "Bi-criteria single facility location problem with limited distances",
	author = "Ali Shahabi, Amin Vafadar Nikjoo, Mohammad Reza Kazemi",
	institution = "Department of Industrial Engineering, Mazandaran University of Science \& Technology, Babol, Iran",
	year = 2012
}
